<?xml version="1.0" encoding="UTF-8"?><collection xmlns="http://www.loc.gov/MARC21/slim"><record><leader>00337nam--2200121-i-4500</leader><controlfield tag="001">000005118</controlfield><controlfield tag="002">20161230</controlfield><controlfield tag="005">20161230201026</controlfield><controlfield tag="008">060222s1000------------r-----000-0-eng-d</controlfield><datafield ind1=" " ind2=" " tag="245"><subfield code="a">Measurement definitions and theories</subfield></datafield><datafield ind1=" " ind2=" " tag="260"><subfield code="a">New York, John Wiley, 1959. Viii + 274 P</subfield></datafield><datafield ind1=" " ind2=" " tag="700"><subfield code="a">Churchman, C.West And Ratoosh, Philburn</subfield></datafield><datafield ind1=" " ind2=" " tag="852"><subfield code="a">15654</subfield></datafield></record></collection>